@Article{john,
author = {Edgar G. Johnson and Alfred O. Nier},
title = {Angular Aberrations in Sector Shaped Electromagnetic Lenses for Focusing Beams of 
Charged Particles},
journal = {Physical Review},
year = {1953},
volume = {91},
number = {1},
}
