@manual{R18,
	Address = {Vienna, Austria},
	Author = {{R Core Team}},
	Organization = {R Foundation for Statistical Computing},
	Title = {R: A Language and Environment for Statistical Computing},
	Year = {2018}
}
@inproceedings{punzo15c,
    author = {Punzo, Antonio and Ingrassia, Salvatore},
    title = {Parsimonious Generalized Linear {G}aussian Cluster-Weighted Models},
    booktitle = {Advances in Statistical Models for Data Analysis},
    series = {Studies in Classification, Data Analysis and Knowledge Organization},
    editor = {Morlini, Isabella and Minerva, Tommaso and Vichi, Maurizio},
    publisher = {Springer International Publishing},
    address = {Switzerland},
    pages={201--209},
  year = {2015}
}

@article{ingrassia15,
  title={The Generalized Linear Mixed Cluster-Weighted Model},
  author={Ingrassia, S. and Minotti, S. C. and  Punzo, A. and Vittadini, G.},
  journal={Journal of Classification},
  number={1},
  Volume = {32}, 
  pages = {85--113},
  year={2015},
}

@article{subedi15,
	author = {Subedi, S. and Punzo, A. and Ingrassia, S. and McNicholas, P. D.},
	year = {2015},
	title = {Cluster-Weighted t-Factor Analyzers for Robust Model-Based Clustering and Dimension Reduction}, 
	journal = {Statistical Methods and Applications},
	volume = {24},
	number = {4}, 
	pages = {623--649},
}
@article{subedi13,
	author = {Subedi, S. and Punzo, A. and Ingrassia, S. and McNicholas, P. D.},
	year = {2013},
	title = {Clustering and Classification via Cluster-Weighted Factor Analyzers}, 
	journal = {Advances in Data Analysis and Classification},
	volume = {7},
	number = {1},
	pages = {5--40},
}
@book{mcnicholas16a,
	author = {McNicholas, P. D.},
	title = {Mixture Model-Based Classification},
	year = {2016},
	publisher = {Chapman \& Hall/CRC Press},
	address = {Boca Raton},
}
@article{mcnicholas16b,
	author = {McNicholas, P. D.},
	title = {Model-Based Clustering},
	year = {2016},
	journal = {Journal of Classification},
	volume = {33},
	number = {3},
	pages = {331--373},
}

@article{punzo17,
	author = {Punzo, A. and McNicholas, P. D.},
	year = {2017},
	title = {Robust clustering in regression analysis via the contaminated Gaussian cluster-weighted model}, 
	journal = {Journal of Classification},
	volume = {34},
	number = {2},
	pages = {249--293},
}

@Article{Akaike:1974,
  author = 	 {Akaike, H.},
  title = 	 {A New Look at the Statistical Model Identification},
  journal = 	 {IEEE Transactions on Automatic Control},
  year = 	 1974,
  volume =	 19,
  number =	 6,
  pages =	 {716--723},
}

@Article{Frees+Derrig+Meyer:2014,
  author = 	 {Frees, E. W., Derrig, R. A. and Meyers, G. eds.},
  title = 	 {Predictive Modeling Applications in Actuarial Science},
  journal = 	 {Cambridge University Press},
  year = 	 2014,
  volume =	 1,
}

@Article{Haberman+Renshaw:1996,
  author = 	 {Haberman, S. and Renshaw, A. E.},
  title = 	 {Generalized linear models and actuarial science},
  journal = 	 {The Statistician},
  year = 	 1996,
  pages =	 {407--436},
}


@Article{Antonio+Beirlant:2007,
  author = 	 {Antonio, K. and Beirlant, J.},
  title = 	 {Actuarial statistics with generalized linear mixed models},
  journal = 	 {Insurance: Mathematics and Economics},
  year = 	 2007,
  volume =	 40,
  number =   1,
  pages =	 {58--76},
}

@Article{Ibrahim+Laud:1991,
  author = 	 {Ibrahim, J. G. and Laud, P. W.},
  title = 	 {On Bayesian analysis of generalized linear models using Jeffreys's prior.},
  journal = 	 {Journal of the American Statistical Association},
  year = 	 1991,
  volume =	 86,
  number =   416,
  pages =	 {981--986},
}

@Article{Shi+Feng+Ivantsova:2015,
  author = 	 {Shi, P. and Feng, X. and Ivantsova, A.},
  title = 	 {Dependent frequency–severity modeling of insurance claims.},
  journal = 	 {Insurance: Mathematics and Economics},
  year = 	 2015,
  volume =	 64,
  pages =	 {417--428},
}

@Article{Garrido+Genest+Schulz:2016,
  author = 	 {Garrido, J. and Genest, C. and Schulz, J.},
  title = 	 {Generalized linear models for dependent frequency and severity of insurance claims.},
  journal = 	 {Insurance: Mathematics and Economics},
  year = 	 2016,
  volume =	 70,
  pages =	 {205--215},
}

@Article{Frees+Wang:2006,
  author = 	 {Frees, E. W. and Wang, P.},
  title = 	 {Copula credibility for aggregate loss models. },
  journal = 	 {Insurance: Mathematics and Economics},
  year = 	 2006,
  volume =	 38,
  number =   2,
  pages =	 {360--373},
}

@Article{Kramer+Brechmann+Silvestrini+Czado:2013,
  author = 	 {Kr\"amer, N. and Brechmann, E. C. and Silvestrini, D. and Czado, C.},
  title = 	 {Total loss estimation using copula-based regression models. },
  journal = 	 {Insurance: Mathematics and Economics},
  year = 	 2013,
  volume =	 53,
  number =   3,
  pages =	 {829--839},
}

@Article{Frees+Lee+Yang:2016,
  author = 	 {Frees, E. W. and Lee, G. and Yang, L.},
  title = 	 {Multivariate frequency-severity regression models in insurance.},
  journal = 	 {Risks},
  year = 	 2016,
  volume =	 4,
  number =   1,
  pages =	 {4},
}


@Article{Czado+Kastenmeier+Brechmann+Min:2012,
  author = 	 {Czado, C. and Kastenmeier, R. and Brechmann, E. C. and Min, A.},
  title = 	 {A mixed copula model for insurance claims and claim sizes.},
  journal = 	 {Scandinavian Actuarial Journal},
  year = 	 2012,
  volume =	 4,
   pages =	 {278--305},
}

@Article{Laird+Ware:1982,
  author = 	 {Laird, N. M. and Ware, J. H.},
  title = 	 {Random-effects models for longitudinal data},
  journal = 	 {Biometrics},
  year = 	 1982,
  pages =	 {963--974},
}

@Article{Verbelen+Gong+Antonio+Badescu+Lin:2014,
  author =	 {Verbelen, R. and Gong, L. and Antonio, K. and Badescu, A. and Lin, S.},
  title =	 {Fitting mixtures of {E}rlangs to censored and truncated
                 data using the {EM} algorithm},
  journal =	 {ASTIN Bulltin},
  year =	 2014,
  volume =	 45,
  number =	 3,
  pages =	 {729--758},
}

@Article{Miljkovic+Grun:2016,
  author =	 {Miljkovic, T. and Gr\"un, B.},
  title =	 {Modeling loss data using mixtures of distributions},
  journal =	 {Insurance: Mathematics and Economics},
  year =	 2016,
  }

@Book{McCullaghNelder1989,
  author =	 {McCullagh, P. and Nelder, J. A.},
  title =	 {Generalized linear models},
  publisher =	 {CRC press},
  volume =	 {37},
  year =	 1989,
}

@Book{Charpentier:2014,
  author =	 {Charpentier, A.},
  title =	 {Computational Actuarial Science with R},
  publisher = {CRC press},
  year =	 2014,
}

@Article{Denuit+Lang:2004,
  author = 	 {Denuit, M. and Lang, S.},
  title = 	 {Non-life rate-making with Bayesian GAMs.},
  journal = 	 {Insurance: Mathematics and Economics},
  year = 	 2004,
  volume =	 35,
  number =   3,
  pages =	 {627--647},
}


@Article{Fahrmeir+Lang+Spies:2003,
  author =	 {Fahrmeir, L., Lang, S. and Spies, F.},
  title =	 {Generalized geoadditive models for insurance claims data},
  journal =	 {Blätter der DGVFM},
  year =	 2003,
  volume =	 26,
  number =   1,
  pages =	 {7--23},

}

@Article{Ingrassia+Punzo+Vittadini+Minotti:2015,
 author="Ingrassia, Salvatore
and Punzo, Antonio
and Vittadini, Giorgio
and Minotti, Simona C.",
title="Erratum to: The Generalized Linear Mixed Cluster-Weighted Model",
journal="Journal of Classification",
year="2015",
month="Jul",
day="01",
volume="32",
number="2",
pages="327--355",
issn="1432-1343",
doi="10.1007/s00357-015-9177-z"
}

@Article{Chauveau:1995,
  author = 	 {Chauveau, D.},
  title = 	 {A stochastic {EM} algorithm for mixture with censored data},
  journal = 	 {Journal of Statistical Planning},
  year = 	 1995,
  volume =	 46,
  pages =	 {1--25},
}

@Article{Frees+Valdez:1998,
  author = 	 {Frees, E. and Valdez, E.},
  title = 	 {Understanding Relationships Using Copulas},
  journal = 	 {North American Actuarial Journal},
  year = 	 1998,
  volume =	 2,
  pages =	 {1--15},
}

@Book{Punzo+Ingrassia:2015,
  author = 	 {Punzo, A. and Ingrassia, S., 2015 },
  title = 	 {Parsimonious generalized linear Gaussian cluster-weighted models},
  publisher = {Springer International Publishing},
  year  = 2014,
}

@Article{Ingrassia+Minotti+Punzo:2014,
  author = 	 {Ingrassia, S. and Minotti, S. C. and Punzo, A.},
  title = 	 {Model-based clustering via linear cluster-weighted models},
  journal = 	 {Computational Statistics \& Data Analysis },
  year = 	 2014,
  volume =	 71,
  pages =	 {159--182},
}

@Article{Ingrassia+Minotti+Vittadini:2012,
  author = 	 {Ingrassia, S. and Minotti, S. C. and Vittadini, G.},
  title = 	 {Local statistical modeling via a cluster-weighted approach with elliptical distributions},
  journal = 	 {Journal of classification},
  year = 	 2014,
  volume =	 29,
  number =    3,
  pages =	 {363--401},
}

@Article{Bermudez+Karlis:2012,
  author = 	 {Berm\'{u}dez, L and Karlis, D.},
  title = 	 {A finite mixture of bivariate Poisson regression models with an application to
           insurance ratemaking},
  journal = 	 {Computational Statistics and Data Analysis},
  year = 	 2012,
  volume =	 56,
  number =   12,
  pages =	 {3988--3999},
}

@Article{Brown+Buckley:2015,
  author = 	 {Brown, G. O. and Buckley, W. S.},
  title = 	 {Experience rating with Poisson mixtures},
  journal = 	 {Annals of Actuarial Science},
  year = 	 2015,
  volume =	 9,
  number =   02,
  pages =	 {304--321},
}

@Article{Gershenfeld:1997,
  author = 	 {Gershenfeld, N.},
  title = 	 {Nonlinear Inference and Cluster-Weighted Modeling },
  journal = 	 {Annals of the New York Academy of Sciences   },
  year = 	 1997,
  volume =	 808,
  number =   1,
  pages =	 {18--24},
}

@Article{Gershenfeld:Schoner+Metois:1999,
  author = 	 {Gershenfeld, N. and Schoner, B. and Metois, E.},
  title = 	 {Cluster-weighted modelling for time-series analysis    },
  journal = 	 {Nature},
  year = 	 1999,
  volume =	 397,
  number =   67171,
  pages =	 {329--332},
}

@Book{Gershenfeld:1999,
  author =	 {Gershenfeld, N. A.},
  title =	 {The nature of mathematical modeling},
  publisher = {Cambridge university press},
  year =	 1999,
}


@Article{Keatinge:1999,
  author = 	 {Keatinge, C. L.},
  title = 	 {Modeling Losses with the Mixed Exponential Distribution},
  journal = 	 {Proceedings of the Casualty Actuarial Society},
  year = 	 1999,
  volume =	 86,
  pages =	 {654--698},
}

@Article{Klugman+Parsa:1999,
  author =	 {Klugman, S. A. and Parsa, R. },
  title =	 {Fitting bivariate loss distribution with copulas},
  journal =	 {Insurance: Mathematics and Economics},
  year  =	 {1999},
  volume =	 {24},
  pages =	 {139--148},
}


@Book{Klugman+Panjer+Willmot:2012,
  author =	 {Klugman, S. A. and Panjer, H. H. and Willmot, G. E.},
  title =	 {Loss Models: From Data to Decisions},
  publisher =	 {John Wiley \& Sons},
  address =	 {Hobuken, NJ},
  edition =	 {4th},
  year =	 2012,
}

@Article{Klugman+Rioux:2006,
  author =	 {Klugman, S. and J. Rioux},
  title =	 {Toward a Unified Approach to Fitting Loss Models},
  journal =	 {North American Actuarial Journal},
  year =	 2006,
  volume =	 10,
  number =	 1,
  pages =	 {63--83},
}

@Article{Maitra:2009,
  author =	 {Maitra, R.},
  title =	 {Initializing Partition-Optimization Algorithms},
  journal =	 {IEEE/ACM Transactions on Computational Biology and
                  Bioinformatics},
  year =	 2009,
  volume =	 6,
  pages =	 {144--157},
}

@Article{McNeil:1997,
  author = 	 {McNeil, A. J.},
  title = 	 {Estimating the Tails of Loss Severity Distributions Using Extreme Value Theory},
  journal = 	 {ASTIN Bulletin},
  year = 	 1997,
  volume =	 27,
  number =	 1,
  pages =	 {117--137},
}

@Book{McLachlan+Peel:2000,
  author =	 {McLachlan, S. and Peel, D.},
  title =	 {Finite Mixture Models},
  publisher =	 {John Wiley \& Sons},
  address =	 {Hobuken, NJ},
  year =	 2000,
}

@Article{Lee+Scott:2012,
  author =	 {Lee, G. and Scott,C.},
  title =	 {{EM} algorithms for multivariate Gaussian mixture models with truncated
                 and censored data},
  journal =	 {Computational Statistics and Data Analysis},
  year =	 {2012},
  volume =	 {56},
  pages =	 {2816--2829},
}

@Article{Miljkovic+Barabanov:2015,
  author =	 {Miljkovic, T. and Barabanov, N.},
  title =	 {Modeling veterans’ health benefit grants using the expectation maximization algorithm},
  journal =	 {Journal of Applied Statistics},
  year =	 {2015},
  volume =	 {42},
  number =   {6},
  pages =	 {1166--1182},
}

@Article{McLachlan+Jones:1988,
  author =	 {McLachlan, G. J. and Jones, S. A. Abu},
  title =	 {Fitting Mixture Models to Grouped and Truncated Data via the {EM} Algorithm},
  journal =	 {Biometrics},
  year =	 {1988},
  volume =	 {22},
  number =   {2},
  pages =	 {571--578},
}

@Article{Nadarajah+Bakar:2014,
  author =	 {Nadarajah, S. and Bakar, S. A. Abu},
  title =	 {New Composite Models for the Danish Fire Insurance
                  Data},
  journal =	 {Scandinavian Actuarial Journal},
  year =	 {2014},
  volume =	 {2},
  pages =	 {180--187},
}

@Manual{R-Core:2016,
  title =	 {R: A Language and Environment for Statistical
                  Computing},
  author =	 {{R Core Team}},
  organization = {R Foundation for Statistical Computing},
  address =	 {Vienna, Austria},
  year =	 {2016},
  url = {https://www.R-project.org/},
}

@Article{Pigeon+Denuit:2011,
  author = 	 {Pigeon, M. and Denuit, M.},
  title = 	 {Composite Lognormal-{P}areto Model with Random Threshold},
  journal = 	 {Scandinavian Actuarial Journal},
  year = 	 {2011},
  volume =	 3,
  pages =	 {177--192},
}

@Article{Resnick:1997,
  author = 	 {Resnick, S. I.},
  title = 	 {Discussion of the Danish Data on Large Fire Insurance Losses},
  journal = 	 {ASTIN Bulletin},
  year = 	 1997,
  volume =	 27,
  pages =	 {139--151},
}

@Article{Schwarz:1978,
  author = 	 {Schwarz, G.},
  title = 	 {Estimating the Dimension of a Model},
  journal = 	 {The Annals of Statistics},
  year = 	 1978,
  volume =	 6,
  number =	 2,
  pages =	 {461--464},
}

@Article{Scollnik:2007,
  author = 	 {Scollnik, D. P.},
  title = 	 {On Composite Lognormal-{P}areto Models},
  journal = 	 {Scandinavian Actuarial Journal},
  year = 	 2007,
  volume =	 1,
  pages =	 {20--33},
}

@Article{Scollnik+Sun:2012,
  author = 	 {Scollnik, D. P. and Sun, C.},
  title = 	 {Modeling with {W}eibull-{P}areto Models},
  journal = 	 {North American Actuarial Journal},
  year = 	 2012,
  volume =	 16,
  number =	 2,
  pages =	 {260--272},
}

@Article{Lee+Lin:2010,
  author = 	 {Lee, Simon C. K. and Lin, X. Sheldon},
  title = 	 {Modeling and Evaluating Insurance Losses Via Mixtures of {E}rlang Distributions},
  journal = 	 {North American Actuarial Journal},
  year = 	 2010,
  volume =	 14,
  number =	 1,
  pages =	 {107--130},
}

@Article{Wang+Zhau+Zhou:2006,
  author = 	 {Wang, J. F. and Zhau, H. X. and Zhou, M. T. and Li., L.},
  title = 	 {A General Model for Long-Tailed Network Traffic Approximation},
  journal = 	 {Journal of Supercomputing},
  year = 	 2006,
  volume =	 38,
  number =	 2,
  pages =	 {155--172},
}

@Book{Tijms:1994,
  author =	 {H. Tijms},
  title = 	 {Stochastic Models: An Algorithm Approach},
  publisher = 	 {John Wiley},
  year = 	 1994,
  address =	 {Chichester},
}

@InProceedings{MacQueen:1967,
  author =	 {J. MacQueen},
  title =	 {Some Methods for Classification and Analysis of
                  Multivariate Observations},
  booktitle =	 {Proceedings of the Fifth Berkeley Symposium on
                  Mathematical Statistics and Probability},
  year =	 1967,
  pages =	 {281--297},
  volume =	 {I},
}

@Article{Forgy:1965,
  author = 	 {E. W. Forgy},
  title = 	 {Cluster Analysis of Multivariate Data: Efficiency
                  Versus Interpretability of Classifications},
  journal = 	 {Biometrics},
  year = 	 1965,
  volume =	 21,
  pages =	 {768--769},
}

@Manual{Davison:2013,
  title =	 {SMPracticals: Practicals for Use with Davison (2003)
                  ``Statistical Models''},
  author =	 {Anthony Davison},
  year =	 {2013},
  note =	 {R package version 1.4-2},
}

@Article{Hoeting+Madigan+Raftery:1999,
  title =	 {Bayesian Nodel Averaging: A Tutorial},
  author =	 {Hoeting, Jennifer A and Madigan, David and Raftery,
                  Adrian E and Volinsky, Chris T},
  journal =	 {Statistical Science},
  pages =	 {382--401},
  volume =	 14,
  number =	 4,
  year =	 1999,
}

@Article{Fraley+Raftery:2002,
  author =	 {Chris Fraley and Adrian E. Raftery},
  title =	 {Model-based Clustering, Discriminant Analysis and
                  Density Estimation},
  journal =	 {Journal of the American Statistical Association},
  year =	 2002,
  volume =	 97,
  number =	 458,
  month =	 jun,
  pages =	 {611--631},
}

@Article{Verbelen+Antonio+Claeskens:2015,
  author =	 {Verbelen, R. and Antonio, K. and Claeskens, G.},
  title =	 {Multivariate mixtures of {E}rlangs for density estimation under censoring},
  journal =	 {Lifetime data analysis},
  year =	 2015,
  pages =	 {1-27},
}

@Article{Verbelen+Gong+Antonio+Badescu+Lin:2015,
  author =	 {Verbelen, R. and Gong, L. and Antonio, K. and Badescu, A. and Lin, S.},
  title =	 {Fitting mixtures of {E}rlangs to censored and truncated
                 data using the {EM} algorithm},
  journal =	 {ASTIN Bulletin},
  year =	 2015,
  volume =	 45,
  number =	 3,
  pages =	 {729--758},
}

@Article{Gruen+Leisch:2008a,
  title =	 {{FlexMix} Version 2: Finite Mixtures with
                  Concomitant Variables and Varying and Constant
                  Parameters},
  author =	 {Bettina Gr\"un and Friedrich Leisch},
  journal =	 {Journal of Statistical Software},
  year =	 {2008},
  volume =	 {28},
  number =	 {4},
  pages =	 {1--35},
}

@Book{Gruen+Leisch:2008b,
  title={Finite mixtures of generalized linear regression models},
  author={Gr{\"u}n, Bettina and Leisch, Friedrich},
  booktitle={Recent advances in linear models and related areas},
  pages={205--230},
  year={2008},
  publisher={Springer}
}

@book{Wedel+Kamakura:2012,
  title={Market segmentation: Conceptual and methodological foundations},
  author={Wedel, Michel and Kamakura, Wagner A},
  volume={8},
  year={2012},
  publisher={Springer Science \& Business Media}
}

@article{Aitkin:1999,
  title={Meta-analysis by random effect modelling in generalized linear models},
  author={Aitkin, Murray},
  journal={Statistics in Medicine},
  volume={18},
  number={17-18},
  pages={2343--2351},
  year={1999},
  publisher={Wiley Online Library}
}
@Article{Dempster+Laird+Rubin:1977,
  author =	 {Dempster, A. P. and Laird, N. M. and Rubin,  D. B.},
  title =	 {Maximum Likelihood from Incomplete Data Via the
                  {EM}-Algorithm},
  journal =	 {Journal of the Royal Statistical Society B},
  volume =	 39,
  pages =	 {1--38},
  year =	 1977
}

@Article{Wedel+DeSabro:1995,
  author =	 {Wedel, M. and De Sabro, W.},
  title =	 {A mixture likelihood approach for generalized linear models},
  journal =	 {Journal of Classification},
  year =	 {1995},
  volume =	 {12},
  number =    {3},
  pages =	 {21--55},

}

@Article{Wedel:2002,
  author =	 {Wedel, M.},
  title =	 {Concominat variables in finite mixture modeling},
  journal =	 {Statistica Neerlandica},
  year =	 {2002},
  volume =	 {56},
  number =    {3},
  pages =	 {362--375},

}


@article{Follmann+Lambert:1989,
  title={Generalizing logistic regression by nonparametric mixing},
  author={Follmann, Dean A and Lambert, Diane},
  journal={Journal of the American Statistical Association},
  volume={84},
  number={405},
  pages={295--300},
  year={1989},
  publisher={Taylor \& Francis Group}
}

@article{Nelder+Wedderburn:1972,
  title={Generalized Linear Models},
  author={Nelder, J A. and Wedderburn, R W M.},
  journal={Journal of the Royal Statistical Society. Series A (General)},
  year={1972},
  volume={135},
  number={3},
  pages={370--384},
}

@article{Wang:1996,
  title={Mixed Poisson regression models with covariate dependent rates},
  author={Wang, Peiming and Puterman, Martin L and Cockburn, Iain and Le, Nhu},
  journal={Biometrics},
  pages={381--400},
  year={1996},
  publisher={JSTOR}
}

@article{Leisch:2004,
  title={Flexmix: A general framework for finite mixture models and latent glass regression in R},
  author={Leisch, Friedrich},
  year={2004}
}

@article{Schwarz:1978,
author = "Schwarz, Gideon",
doi = "10.1214/aos/1176344136",
fjournal = "The Annals of Statistics",
journal = "Ann. Statist.",
month = "03",
number = "2",
pages = "461--464",
publisher = "The Institute of Mathematical Statistics",
title = "Estimating the Dimension of a Model",
volume = "6",
year = "1978"
}

@Manual{Christophe:2016,
    title = {Insurance datasets},
    author = {Christophe Dutang},
    year = {2016},
    note = {R package version 1.0-5},
  }


@article{Lambert,
author = {Lambert, Diane},
year = {1992},
month = {02},
pages = {1-14},
title = {Zero-Inflated Poisson Regression, With An Application to Defects in Manufacturing},
journal = "Technometrics",
volume = {34},
booktitle = {Technometrics}
}


@article{EzzahidEuro,
author = {Ezzahid, Elhadj},
year = {2012},
month = {12},
pages = {},
title = {Poisson regression and Zero-inflated Poisson regression: application to private health insurance data},
volume = {2},
journal = {European Actuarial Journal}
}


@article{LimHwa,
author = {Lim, Hwa and Li, Wai and Yu, Philip},
year = {2014},
month = {03},
pages = {151?158},
title = {Zero-inflated Poisson regression mixture model},
volume = {71},
journal = "Computational Statistics and Data Analysis"
}


@article{McNicholas:2010,
author="McNicholas, Paul David
and Murphy, Thomas Brendan",
title="Parsimonious Gaussian mixture models",
journal="Statistics and Computing",
year="2008",
month="Sep",
day="01",
volume="18",
number="3",
pages="285--296",
issn="1573-1375",
doi="10.1007/s11222-008-9056-0",
url="https://doi.org/10.1007/s11222-008-9056-0"
}

@article{initialPaperGrassiaRef,
author={C. Biernacki and G. Celeux and G. Govaert},
journal={IEEE Transactions on Pattern Analysis and Machine Intelligence},
title={Assessing a mixture model for clustering with the integrated completed likelihood},
year={2000},
volume={22},
number={7},
pages={719-725},
keywords={Bayes methods;Gaussian distribution;information theory;maximum likelihood estimation;pattern recognition;Bayesian information criterion;Gaussian distribution;clustering;maximum likelihood estimation;mixture model assessment;probability;Bayesian methods;Context modeling;Gaussian distribution;Numerical simulation;Probability distribution;Robustness},
doi={10.1109/34.865189},
ISSN={0162-8828},
month={Jul},}


@book{johnson1995continuous,
title={Continuous Univariate Probability Distributions,(Vol. 1)},
  author={Johnson, N L and Kotz, Samuel and Balakrishnan, N},
  year={1994},
  publisher={John Wiley \& Sons Inc., NY}
}


@book{murphy2012machine,
  title={Machine Learning: A Probabilistic Perspective},
  author={Murphy, K. P. and Bach, F.},
  isbn={9780262018029},
  lccn={2012004558},
  series={Adaptive Computation and Machi},
  year={2012},
  publisher={MIT Press}
}


@article{vuongTest,
 ISSN = {00129682, 14680262},
 author = {Quang H. Vuong},
 journal = {Econometrica},
 number = {2},
 pages = {307--333},
 publisher = {[Wiley, Econometric Society]},
 title = {Likelihood Ratio Tests for Model Selection and Non-Nested Hypotheses},
 volume = {57},
 year = {1989}
}

@article{misuse,
author = {Wilson, Paul},
year = {2015},
month = {02},
pages = {},
title = {The misuse of the Vuong test for non-nested models to test for zero-inflation},
volume = {127},
journal = {Economics Letters},
booktitle = {Economics Letters}
}

@article{lRTest2008,
 ISSN = {00031305},
 author = {Geert Molenberghs and Geert Verbeke},
 journal = {The American Statistician},
 number = {1},
 pages = {22--27},
 publisher = {[American Statistical Association, Taylor & Francis, Ltd.]},
 title = {Likelihood Ratio, Score, and Wald Tests in a Constrained Parameter Space},
 volume = {61},
 year = {2007}
}

@article{newIntuitive,
	doi = {10.1177/1471082X18762277},
	author = {Wilson, Paul and Einbeck, Jochen},
	publisher = {Sage},
	year = {2018},
	title = {A new and intuitive test for zero modification},
	issn = {1477-0342},
	journal = {Statistical Modelling}
}


@article{risks_miljkovic,
title={On Two Mixture-Based Clustering Approaches Used in Modeling an Insurance Portfolio},
volume={6}, ISSN={2227-9091},
DOI={10.3390/risks6020057},
number={2},
journal={Risks},
publisher={MDPI AG},
author={Miljkovic, Tatjana and Fern{\'a}ndez, Daniel},
year={2018}, month={May}, pages={57}
}

@Manual{Dutang+Charpentier:2016,
  title =	 {{CASdatasets}},
  author =	 {Dutang, C. and Charpentier, A.},
  year =	 {2016},
  note =	 {{R} package version 1.0-6},
  url =		 {http://cas.uqam.ca/pub/R/},
}

@Manual{R-Core:2016,
  title =	 {R: A Language and Environment for Statistical
                  Computing},
  author =	 {{R Core Team}},
  organization = {R Foundation for Statistical Computing},
  address =	 {Vienna, Austria},
  year =	 {2016},
  url =		 {https://www.R-project.org/},
}

@article{Zhang+Miljkovic:2018,
  author    = {Zhang, J. and Miljkovic, T.},
  title     = {Ratemaking for a New Territory: Enhancing GLM Pricing Model with a Bayesian Analysis},
  journal   = {E-Forum},
  publisher = {Casualty Actuarial Society - Arlington, VA},
  volume    = {2},
  number    = {6},
  year      = {2018},
  pages     = {1--33}
}

@article{durham2007sv,
  title={SV mixture models with application to S\&P 500 index returns},
  author={Durham, Garland},
  journal={Journal of Financial Economics},
  volume={85},
  number={3},
  pages={822--856},
  year={2007},
  publisher={Elsevier}
}
@article{miljkovic2018new,
  title={A new analysis of VIX using mixture of regressions: Examination and short-term forecasting for the S \& P 500 market},
  author={Miljkovic, Tatjana and SenGupta, Indranil},
  journal={High Frequency},
  volume={1},
  number={1},
  pages={53--65},
  year={2018},
  publisher={Wiley Online Library}
}


@article{miljkovic+orr:2017,
  Author={Miljkovic, Tatjana and Orr, Megan},
  Journal={Communications in Statistics-Simulation and Computation},
  Title={An evaluation of the reconstructed coefficient of determination and potential adjustments},
  Number={9},
  Pages={6705--6718},
  Volume={46},
  Publisher={Taylor \& Francis},
  Year={2017}
}

@article{miljkovic2015,
  title={Modeling veterans’ health benefit grants using the expectation maximization algorithm},
  author={Miljkovic, Tatjana and Barabanov, Nikita},
  journal={Journal of Applied Statistics},
  volume={42},
  number={6},
  pages={1166--1182},
  year={2015},
  publisher={Taylor \& Francis}
}


@book{frees2015, 
place={Cambridge},
 series={International Series on Actuarial Science},
  title={Predictive Modeling Applications in Actuarial Science},
   volume={1}, DOI={10.1017/CBO9781139342674},
   Publisher = {International Series on Actuarial Science.},
     year={2014}, 
     collection={International Series on Actuarial Science},
     author = {Frees, Edward W. and Derrig, Richard A. and Meyers, Glenn, eds.},
     }